@misc{ godot:gameengine,
       title = {{Godot Game Engine}},
       author = {{Juan Linietsky, Ariel Manzur, and Okam Studio}},
       year = {2014},
       howpublished = {\url{https://github.com/okamstudio/godot}}
}

@misc{ github:site,
	   title = {{Github}},
	   author = {{Github, Inc.}},
	   year = {2015},
	   howpublished = {\url{https://github.com}}
}

@misc{ zenhub:site,
	   title = {{Zenhub}},
	   author = {{Launch Labs, Inc.}},
	   year = {2015},
	   howpublished = {\url{https://www.zenhub.io}}
}

@misc{ slack:site,
	   title = {{Slack}},
	   author = {{Slack Technologies, Inc.}},
	   year = {2015},
	   howpublished = {\url{https://slack.com}}
}

@misc{ travis:site,
	   title = {Travis CI},
	   author = {{Travis CI GmBH}},
	   year = {2015},
	   howpublished = {\url{https://travis-ci.org}}
}